<record><leader>00000cas a22000007a 4500</leader><controlfield tag="001">10482355</controlfield><controlfield tag="008">840303d18421844pauwr ne      0    0eng d</controlfield><datafield ind1=" " ind2=" " tag="010"><subfield code="a">sn 84026502 </subfield></datafield><datafield ind1=" " ind2=" " tag="040"><subfield code="a">NPU</subfield><subfield code="b">eng</subfield><subfield code="c">NPU</subfield><subfield code="d">NPH</subfield><subfield code="d">NPX</subfield><subfield code="d">NPH</subfield><subfield code="d">OCLCG</subfield><subfield code="d">OCLCQ</subfield><subfield code="d">OCLCF</subfield><subfield code="d">DLC</subfield></datafield><datafield ind1=" " ind2=" " tag="042"><subfield code="a">msc</subfield></datafield><datafield ind1="0" ind2="4" tag="245"><subfield code="a">The Bradford Porter.</subfield></datafield><datafield ind1="1" ind2="3" tag="246"><subfield code="a">Porter</subfield></datafield><datafield ind1=" " ind2=" " tag="260"><subfield code="a">Towanda, Pa. :</subfield><subfield code="b">Elisha S. Goodrich,</subfield><subfield code="c">1842-1844.</subfield></datafield><datafield ind1=" " ind2=" " tag="300"><subfield code="a">2 v. ;</subfield><subfield code="c">51-53 cm.</subfield></datafield><datafield ind1=" " ind2=" " tag="310"><subfield code="a">Weekly</subfield></datafield><datafield ind1="0" ind2=" " tag="362"><subfield code="a">Vol. 3, no. 1 (June 15, 1842)-v. 4, no. 43 (Apr. 3, 1844).</subfield></datafield><datafield ind1=" " ind2=" " tag="500"><subfield code="a">Publishers: Elisha S. Goodrich, &lt;1842-1843&gt;; E.S. Goodrich &amp; Son, &lt;1844&gt;.</subfield></datafield><datafield ind1=" " ind2=" " tag="500"><subfield code="a">Issued ... in the interest of Governor Porter. Cf. Heverly, C.F. Hist. of the Towandas, 1886.</subfield></datafield><datafield ind1=" " ind2=" " tag="500"><subfield code="a">Editors: Elisha S. Goodrich, &lt;1842&gt;-1844; George Sanderson, &lt;1842&gt;-1844; E. O'Meara Goodrich, &lt;1844&gt;.</subfield></datafield><datafield ind1=" " ind2=" " tag="580"><subfield code="a">Continued by: Bradford reporter. Cf. Salisbury, R. Pa. newspapers, 1969.</subfield></datafield><datafield ind1=" " ind2=" " tag="588"><subfield code="a">Description based on: Vol. 3, no. 25 (Nov. 30, 1842).</subfield></datafield><datafield ind1="1" ind2="0" tag="600"><subfield code="a">Porter, David Rittenhouse,</subfield><subfield code="d">1788-1867.</subfield></datafield><datafield ind1="1" ind2="7" tag="600"><subfield code="a">Porter, David Rittenhouse,</subfield><subfield code="d">1788-1867.</subfield><subfield code="2">fast</subfield><subfield code="0">(OCoLC)fst00313782</subfield></datafield><datafield ind1=" " ind2=" " tag="752"><subfield code="a">United States</subfield><subfield code="b">Pennsylvania</subfield><subfield code="c">Bradford</subfield><subfield code="d">Towanda.</subfield></datafield><datafield ind1="0" ind2="0" tag="780"><subfield code="t">Bradford porter, and weekly visitor</subfield><subfield code="w">(DLC)sn 86081984</subfield></datafield><datafield ind1="1" ind2="0" tag="785"><subfield code="t">Bradford reporter</subfield><subfield code="x">2376-2764</subfield><subfield code="w">(DLC)sn 84024558</subfield><subfield code="w">(OCoLC)11031902</subfield></datafield><datafield ind1="1" ind2=" " tag="029"><subfield code="a">AU@</subfield><subfield code="b">000025784387</subfield></datafield></record>